@article{wu2012eulerian,
  title={Eulerian video magnification for revealing subtle changes in the world},
  author={Wu, Hao-Yu and Rubinstein, Michael and Shih, Eugene and Guttag, John V and Durand, Fr{\'e}do and Freeman, William T},
  journal={ACM Trans. Graph.},
  volume={31},
  number={4},
  pages={65},
  year={2012},
  publisher={Citeseer}
}

@inproceedings{balakrishnan2013detecting,
  title={Detecting pulse from head motions in video},
  author={Balakrishnan, Ganesh and Durand, Frederic and Guttag, John},
  booktitle={Computer Vision and Pattern Recognition (CVPR), 2013 IEEE Conference on},
  pages={3430--3437},
  year={2013},
  organization={IEEE}
}